@book{chazarain96,
    author    = "Chazarain, Jaques",
    title     = "Programmer avec Scheme, de la pratique à la théorie",
    year      = "1996",
    publisher = "International Thomson Publishing",
    address   = "Paris, France"
}

@misc{wikienCPS,
  title     = "Continuation-passing style",
  publisher = "Wikipedia (en)",
  howpublished = "\url{https://en.wikipedia.org/wiki/Continuation-passing_style}"
}

@misc{wikifrcontinuations,
  title     = "Continuation",
  publisher = "Wikipedia (fr)",
  howpublished = "\url{https://fr.wikipedia.org/wiki/Continuation}"
}
